@misc{github-issues,
author = {The Github Team},
title = {Issues},
note = {\url{https://github.com/issues}}
}

@misc{github-collaborator,
author = {The GitHub Community Forum},
title = {Where do I see all incoming invitations (collaborator)?},
note = {\url{https://github.community/t5/How-to-use-Git-and-GitHub/Where-do-I-see-all-incoming-invitations-collaborator/td-p/4280}}
}

@misc{github-gender-study,
author = {Annalee Newitz},
title = {Data analysis of GitHub contributions reveals unexpected gender bias},
note = {\url{https://arstechnica.com/information-technology/2016/02/data-analysis-of-github-contributions-reveals-unexpected-gender-bias/}}
}