@misc{subdirectproducts,
author = {Mohammed Javad Ataei},
title = {Subdirect Products and Covering Groups by Subgroups},
journal = {International Journal of Algebra},
volume = {7},
number = {14},
pages = {673 - 677},
year ={2013},
note = {\url{http://dx.doi.org/10.12988/ija.2013.3434}}
}

@misc{nilpotentgroups,
author = {Rawdah Adawiyah Tarmizi, Hajar Sulaiman},
title = {Nilpotent Groups with a C_9-covering},
journal = {AIP Conference Proceedings},
volume = {1728},
number = {1},
year ={2016},
note = {\url{https://aip.scitation.org/doi/abs/10.1063/1.4966067}}
}

%I can't find the actual article for this one

@misc{subdirectproducts,
author = {Luise-Charlotte Kappe, Daniela Nikolova-Popova, Eric Swartz},
title = {On the Covering Number of Small Symmetric Groups and Some Sporadic Simple Groups},
journal = {Groups Complexity Cryptology},
volume = {8},
number = {2},
pages = {135 - 154},
year ={2016},
note = {\url{https://doi.org/10.1515/gcc-2016-0010}}
}

@misc{partitions,
author = {Guido Zappa},
title = {Partitions and Other Coverings of Finite Groups},
journal = {Illinois Journal of Mathematics},
volume = {47},
number = {1},
pages = {571 - 580},
year ={2003}
}

@article{normalcovers,
author = {Lucchini, Andrea and Garonzi, Martino},
year = {2013},
month = {10},
pages = {},
title = {Covers and Normal Covers of Finite Groups},
volume = {422},
booktitle = {Journal of Algebra}
}

@book{kappe2010computational,
  title={Computational Group Theory and the Theory of Groups, II: Computational Group Theory and Cohomology, August 4-8, 2008, Harlaxton College, Grantham, United Kingdom : AMS Special Session, Computational Group Theory, October 17-19, 2008, Western Michigan University, Kalamazoo, MI},
  author={Kappe, L.C. and Magidin, A. and Morse, R.F.},
  isbn={9780821848050},
  lccn={2009047805},
  series={Contemporary mathematics - American Mathematical Society},
  url={https://books.google.com/books?id=ot7RAwAAQBAJ},
  year={2010},
  publisher={American Mathematical Society}
}

@article{Marti2005CoveringTS,
  title={Covering the symmetric groups with proper subgroups},
  author={Attila Mar{\'o}ti},
  journal={J. Comb. Theory, Ser. A},
  year={2005},
  volume={110},
  pages={97-111}
}

@misc{Integers,
author = {Martino Garonzi, Luise-Charlotte Kappe, Eric Swartz},
title = {On Integers that are Covering Numbers of Groups},
note = {\url{arXiv:1805.09047}}
}
